
@article{runmanager,
	author = {Yang Cao and Christopher Jones and V{\'{\i}}ctor Cuevas-Vicentt{\'{\i}}n and Matthew B. Jones and Bertram Lud{\"{a}}scher and Timothy M. McPhillips and Paolo Missier and Christopher R. Schwalm and Peter Slaughter and David Vieglais and Lauren Walker and Yaxing Wei},
	journal = {Provenance and Annotation of Data and Processes - 6th International Provenance and Annotation Workshop, {IPAW} 2016, McLean, VA, USA, June 7-8, 2016, Proceedings},
	title = {DataONE: {A} Data Federation with Provenance Support},
	year = {2016}}

@article{reprozip,
	author = {Fernando Chirigati and Dennis Shasha and Juliana Freire},
	journal = {Presented as part of the 5th USENIX Workshop on the Theory and Practice of Provenance},
	title = {ReproZip: Using Provenance to Support Computational Reproducibility },
	year = {2013}}

@article{rdatatracker,
	author = {Barbara Lerner and Emery Boose},
	journal = {6th USENIX Workshop on the Theory and Practice of Provenance (TaPP 2014)},
    title = {RDataTracker: Collecting Provenance in an Interactive Scripting Environment},
	year = {2014}}

@article{yesworkflow,
	author = {Timothy M. McPhillips and Tianhong Song and Tyler Kolisnik and Steve Aulenbach and Khalid Belhajjame and Kyle Bocinsky and Yang Cao and Fernando Chirigati and Saumen C. Dey and Juliana Freire and Deborah N. Huntzinger and Christopher Jones and David Koop and Paolo Missier and Mark Schildhauer and Christopher R. Schwalm and Yaxing Wei and James Cheney and Mark Bieda and Bertram Lud{\"{a}}scher},
	journal = {CoRR},
	title = {YesWorkflow: {A} User-Oriented, Language-Independent Tool for Recovering Workflow Information from Scripts},
	year = {2015}}

@article{noworkflow,
	author = {Leonardo Murta and Vanessa Braganholo and Fernando Chirigati and David Koop and Juliana Freire},
	journal = {Provenance and Annotation of Data and Processes - 5th International Provenance and Annotation Workshop, {IPAW} 2014, Cologne, Germany, June 9-13, 2014. Revised Selected Papers},
	month = {June},
	pages = {71--83},
	title = {noWorkflow: Capturing and Analyzing Provenance of Scripts},
	year = {2014}}
